<?xml version="1.0" encoding="UTF-8" ?><marc:collection xmlns:marc="http://www.loc.gov/MARC21/slim" xmlns:xsi="http://www.w3.org/2001/XMLSchema-instance" xsi:schemaLocation="http://www.loc.gov/MARC21/slim http://www.loc.gov/standards/marcxml/schema/MARC21slim.xsd">
<marc:record><marc:leader>02666cam a2200361Ii 4500</marc:leader>
<marc:controlfield tag="001">b12331363</marc:controlfield>
<marc:controlfield tag="003">UaCaAUL</marc:controlfield><marc:controlfield tag="005">20190416032811.0</marc:controlfield><marc:controlfield tag="008">990929m19101923ua c     b    000 0 ara d</marc:controlfield><marc:datafield tag="035" ind1=" " ind2=" "><marc:subfield code="a">(OCoLC)60506315</marc:subfield></marc:datafield><marc:datafield tag="040" ind1=" " ind2=" "><marc:subfield code="a">MEAUC</marc:subfield><marc:subfield code="b">eng</marc:subfield><marc:subfield code="e">rda</marc:subfield><marc:subfield code="c">MEAUC</marc:subfield><marc:subfield code="d">OCLCG</marc:subfield><marc:subfield code="d">OCLCF</marc:subfield><marc:subfield code="d">OCLCO</marc:subfield><marc:subfield code="d">OCLCQ</marc:subfield><marc:subfield code="d">MEAUC</marc:subfield></marc:datafield><marc:datafield tag="049" ind1=" " ind2=" "><marc:subfield code="a">MAIN</marc:subfield></marc:datafield><marc:datafield tag="050" ind1=" " ind2="4"><marc:subfield code="a">PJ7515</marc:subfield><marc:subfield code="b">.R5x 1910</marc:subfield></marc:datafield><marc:datafield tag="066" ind1=" " ind2=" "><marc:subfield code="c">(3</marc:subfield></marc:datafield><marc:datafield tag="090" ind1=" " ind2=" "><marc:subfield code="a">PJ7515</marc:subfield><marc:subfield code="b">.R5x 1910</marc:subfield></marc:datafield><marc:datafield tag="100" ind1="1" ind2=" "><marc:subfield code="6">880-01</marc:subfield><marc:subfield code="a">Rihani, Ameen Fares,</marc:subfield><marc:subfield code="d">1876-1940,</marc:subfield><marc:subfield code="e">author.</marc:subfield></marc:datafield><marc:datafield tag="245" ind1="1" ind2="3"><marc:subfield code="6">880-02</marc:subfield><marc:subfield code="a">al-Rīḥānīyāt :</marc:subfield><marc:subfield code="b">wa-hiya majmūʻat maqālāt wa-khuṭab wa-shiʻr manthūr /</marc:subfield><marc:subfield code="c">taʼlīf Amīn Rīḥānī.</marc:subfield></marc:datafield><marc:datafield tag="264" ind1=" " ind2="1"><marc:subfield code="6">880-03</marc:subfield><marc:subfield code="a">Bayrūt :</marc:subfield><marc:subfield code="b">ṭubiʻ fī al-Maṭbaʻah al-ʻIlmīyah li-Yūsuf Ṣādir fī Bayrūt,</marc:subfield><marc:subfield code="c">1910-1923.</marc:subfield></marc:datafield><marc:datafield tag="300" ind1=" " ind2=" "><marc:subfield code="a">4 volumes :</marc:subfield><marc:subfield code="b">portrait;</marc:subfield><marc:subfield code="c">24 cm.</marc:subfield></marc:datafield><marc:datafield tag="336" ind1=" " ind2=" "><marc:subfield code="a">text</marc:subfield><marc:subfield code="b">txt</marc:subfield><marc:subfield code="2">rdacontent.</marc:subfield></marc:datafield><marc:datafield tag="337" ind1=" " ind2=" "><marc:subfield code="a">unmediated</marc:subfield><marc:subfield code="b">n</marc:subfield><marc:subfield code="2">rdamedia.</marc:subfield></marc:datafield><marc:datafield tag="338" ind1=" " ind2=" "><marc:subfield code="a">volume</marc:subfield><marc:subfield code="b">nc</marc:subfield><marc:subfield code="2">rdacarrier.</marc:subfield></marc:datafield><marc:datafield tag="504" ind1=" " ind2=" "><marc:subfield code="a">Includes bibliographical references.</marc:subfield></marc:datafield><marc:datafield tag="505" ind1="0" ind2=" "><marc:subfield code="6">880-04</marc:subfield><marc:subfield code="a">al-Juzʼ al-awwal. Yaḥtawī ʻalá maqālāt ijtimāʻīyah adabīyah intiqādīyah wa-budhūr lil-zirāʻīyīn, muṣaddar bi-risālah min khaṭṭ al-muʼallif -- al-Juzʼ al-thānī. Yaḥtawī ʻalá khuṭab wa-maqālāt intiqādīyah wa-shiʻr manthūr, muzayyanan bi-ākhir rasm lil-muʼallif -- al-Juzʼ al-thālith. Yaḥtawī ʻalá maqālāt ijtimāʻīyah adabīyah intiqādīyah wa-khuṭab -- al-Juzʼ  al-rābiʻ. Yaḥtawī ʻalá shiʻr manthūr wa-maqālāt ijtimāʻīyah wa-siyāsīyah.</marc:subfield></marc:datafield><marc:datafield tag="650" ind1=" " ind2="0"><marc:subfield code="a">Arabic literature</marc:subfield><marc:subfield code="x">History and criticism.</marc:subfield></marc:datafield><marc:datafield tag="880" ind1="1" ind2="2"><marc:subfield code="6">245-02/(3/r</marc:subfield><marc:subfield code="a">الريحانيات :‪</marc:subfield><marc:subfield code="b">وهي مجموعة مقالات وخطب وشعر منثور/‪</marc:subfield><marc:subfield code="c">تأليف أمين ريحاني..</marc:subfield></marc:datafield><marc:datafield tag="880" ind1="1" ind2=" "><marc:subfield code="6">100-01/(3/r</marc:subfield><marc:subfield code="a">ريحان، امين فارس،‪</marc:subfield><marc:subfield code="d">1876-1940,</marc:subfield><marc:subfield code="e">author.</marc:subfield></marc:datafield><marc:datafield tag="880" ind1=" " ind2="1"><marc:subfield code="6">264-03/(3/r</marc:subfield><marc:subfield code="a">بيروت :‪</marc:subfield><marc:subfield code="b">طبع في المطبعة العلمية ليوسف صادر في بيروت،‪</marc:subfield><marc:subfield code="c">1910-1923.</marc:subfield></marc:datafield><marc:datafield tag="880" ind1="0" ind2=" "><marc:subfield code="6">505-04/(3/r</marc:subfield><marc:subfield code="a">الجزء الاول. يحتوي على مقالات اجتماعية ادبية انتقادية وبذور للزراعيين، مصدر برسالة من خط المؤلف -- الجزء الثاني. يحتوي على خطب ومقالات انتقادية وشعر منثور، مزينن بآخر رسم للمؤلف -- الجزء الثالث. يحتوي على مقالات اجتماعية ادبية انتقادية وخطب -- الجزء الرابع. يحتوي على شعر منثور ومقالات اجتماعية وسياسية..</marc:subfield></marc:datafield><marc:datafield tag="907" ind1=" " ind2=" "><marc:subfield code="a">.b12331363</marc:subfield><marc:subfield code="b">main </marc:subfield></marc:datafield><marc:datafield tag="902" ind1=" " ind2=" "><marc:subfield code="a">190417</marc:subfield></marc:datafield><marc:datafield tag="998" ind1=" " ind2=" "><marc:subfield code="b">4</marc:subfield><marc:subfield code="c">991003</marc:subfield><marc:subfield code="d">m</marc:subfield><marc:subfield code="e">~</marc:subfield><marc:subfield code="f">-</marc:subfield><marc:subfield code="g">3</marc:subfield><marc:subfield code="k">TA</marc:subfield></marc:datafield><marc:datafield tag="945" ind1=" " ind2=" "><marc:subfield code="l">main </marc:subfield><marc:subfield code="u">v.v.1    </marc:subfield></marc:datafield></marc:record>
</marc:collection>
